@inproceedings{rublee2011orb,
  title={ORB: An efficient alternative to SIFT or SURF},
  author={Rublee, Ethan and Rabaud, Vincent and Konolige, Kurt and Bradski, Gary},
  booktitle={Computer Vision (ICCV), 2011 IEEE international conference on},
  pages={2564--2571},
  year={2011},
  organization={IEEE}
}

@article{hartley1997triangulation,
  title={Triangulation},
  author={Hartley, Richard I and Sturm, Peter},
  journal={Computer vision and image understanding},
  volume={68},
  number={2},
  pages={146--157},
  year={1997},
  publisher={Elsevier}
}

@inproceedings{triggs1999bundle,
  title={Bundle adjustmentâ€”a modern synthesis},
  author={Triggs, Bill and McLauchlan, Philip F and Hartley, Richard I and Fitzgibbon, Andrew W},
  booktitle={International workshop on vision algorithms},
  pages={298--372},
  year={1999},
  organization={Springer}
}

@article{mur2015orb,
  title={ORB-SLAM: a versatile and accurate monocular SLAM system},
  author={Mur-Artal, Raul and Montiel, Jose Maria Martinez and Tardos, Juan D},
  journal={IEEE Transactions on Robotics},
  volume={31},
  number={5},
  pages={1147--1163},
  year={2015},
  publisher={IEEE}
}

@Book{Hartley2004, 
    author = "Hartley, R.~I. and Zisserman, A.",
    title = "Multiple View Geometry in Computer Vision",
    edition = "Second",
    year = "2004",
    publisher = "Cambridge University Press, ISBN: 0521540518"
}

@article{gill1978algorithms,
  title={Algorithms for the solution of the nonlinear least-squares problem},
  author={Gill, Philip E and Murray, Walter},
  journal={SIAM Journal on Numerical Analysis},
  volume={15},
  number={5},
  pages={977--992},
  year={1978},
  publisher={SIAM}
}

@article{canny1986computational,
  title={A computational approach to edge detection},
  author={Canny, John},
  journal={IEEE Transactions on pattern analysis and machine intelligence},
  number={6},
  pages={679--698},
  year={1986},
  publisher={Ieee}
}

@article{moeslund2009canny,
  title={Canny Edge Detection},
  author={Moeslund, Thomas},
  journal={Retrieved December},
  volume={3},
  pages={2014},
  year={2009}
}

@book{berger2009geometry,
  title={Geometry i},
  author={Berger, Marcel},
  year={2009},
  publisher={Springer Science \& Business Media}
}

@misc{ceres-solver,
  author = "Sameer Agarwal and Keir Mierle and Others",
  title = "Ceres Solver",
  howpublished = "\url{http://ceres-solver.org}",
}

@misc{itseez2015opencv,
  title={Open Source Computer Vision Library},
  author={Itseez},
  year={2015},
  howpublished = {\url{https://github.com/itseez/opencv}}
}

@article{calonder2010brief,
  title={Brief: Binary robust independent elementary features},
  author={Calonder, Michael and Lepetit, Vincent and Strecha, Christoph and Fua, Pascal},
  journal={Computer Vision--ECCV 2010},
  pages={778--792},
  year={2010},
  publisher={Springer}
}

@article{rosten2006machine,
  title={Machine learning for high-speed corner detection},
  author={Rosten, Edward and Drummond, Tom},
  journal={Computer Vision--ECCV 2006},
  pages={430--443},
  year={2006},
  publisher={Springer}
}

@book{rodrigues1840lois,
  title={Des lois g{\'e}om{\'e}triques qui r{\'e}gissent les d{\'e}placements d'un syst{\`e}me solide dans l'espace: et de la variation des cordonn{\'e}es provenant de ces d{\'e}placements consid{\'e}r{\'e}s ind{\'e}pendamment des causes qui peuvent les produire},
  author={Rodrigues, Olinde},
  year={1840}
}

@article{horn1985cr,
  title={CR Johnson Matrix Analysis},
  author={Horn, Roger A},
  journal={Cambridge UP, New York},
  year={1985}
}

@article{altman1992introduction,
  title={An introduction to kernel and nearest-neighbor nonparametric regression},
  author={Altman, Naomi S},
  journal={The American Statistician},
  volume={46},
  number={3},
  pages={175--185},
  year={1992},
  publisher={Taylor \& Francis}
}